@misc{nuffieldresearchplacements,
  title = "Nuffield Research Placements",
  author = "Nuffield Foundation",
  howpublished = "\url{http://www.nuffieldfoundation.org/nuffield-research-placements}"
}

@article{anckerjrgafarian63a,
    author  = "Ancker Jr, C. and Gafarian, A.",
    title   = "Some queueing problems with balking and reneging I.",
    year    = "1963",
    journal = "Operations research",
    volume  = "11",
    number  = "1",
    pages   = "88--100"
}

@article{anckerjrgafarian63b,
    author  = "Ancker Jr, C. and Gafarian, A.",
    title   = "Some queueing problems with balking and reneging II.",
    year    = "1963",
    journal = "Operations research",
    volume  = "11",
    number  = "6",
    pages   = "928--937"
}

@book{stewart09,
  author = "Stewart, W.",
  title = "Probability, markov chains, queues, and simulation.",
  publisher = "Princeton university press",
  year = "2009"
}